@book{even2011graph,
  title={Graph algorithms},
  author={Even, Shimon},
  year={2011},
  publisher={Cambridge University Press}
}